@misc{khan2011self,
  title={Self healing software},
  author={Khan, Abid A},
  year={2011},
  month=dec # "~20",
  publisher={Google Patents},
  note={US Patent 8,082,471}
}

@article{sidiroglou2009assure,
  title={Assure: automatic software self-healing using rescue points},
  author={Sidiroglou, Stelios and Laadan, Oren and Perez, Carlos and Viennot, Nicolas and Nieh, Jason and Keromytis, Angelos D},
  journal={ACM SIGARCH Computer Architecture News},
  volume={37},
  number={1},
  pages={37--48},
  year={2009},
  publisher={ACM}
}

@article{chandola2009anomaly,
  title={Anomaly detection: A survey},
  author={Chandola, Varun and Banerjee, Arindam and Kumar, Vipin},
  journal={ACM computing surveys (CSUR)},
  volume={41},
  number={3},
  pages={15},
  year={2009},
  publisher={ACM}
}

@misc{bao2017hierarchical,
  title={Hierarchical Target Centric Pattern Generation},
  author={Bao, Shenghua and Chen, Ying and Jain, Anshu N and Ramakrishnan, Cartic and Smith, Maia A},
  year={2017},
  month=apr # "~6",
  note={US Patent 20,170,097,987}
}

@inproceedings{vaarandi2008mining,
  title={Mining event logs with slct and loghound},
  author={Vaarandi, Risto},
  booktitle={Network Operations and Management Symposium, 2008. NOMS 2008. IEEE},
  pages={1071--1074},
  year={2008},
  organization={IEEE}
}

@inproceedings{oliner2007supercomputers,
  title={What supercomputers say: A study of five system logs},
  author={Oliner, Adam and Stearley, Jon},
  booktitle={Dependable Systems and Networks, 2007. DSN'07. 37th Annual IEEE/IFIP International Conference on},
  pages={575--584},
  year={2007},
  organization={IEEE}
}

@article{han2007frequent,
  title={Frequent pattern mining: current status and future directions},
  author={Han, Jiawei and Cheng, Hong and Xin, Dong and Yan, Xifeng},
  journal={Data Mining and Knowledge Discovery},
  volume={15},
  number={1},
  pages={55--86},
  year={2007},
  publisher={Springer}
}

@article{xu2008mining,
  title={Mining Console Logs for Large-Scale System Problem Detection.},
  author={Xu, Wei and Huang, Ling and Fox, Armando and Patterson, David A and Jordan, Michael I},
  journal={SysML},
  volume={8},
  pages={4--4},
  year={2008}
}

@inproceedings{xu2009online,
  title={Online system problem detection by mining patterns of console logs},
  author={Xu, Wei and Huang, Ling and Fox, Armando and Patterson, David and Jordan, Michael},
  booktitle={Data Mining, 2009. ICDM'09. Ninth IEEE International Conference on},
  pages={588--597},
  year={2009},
  organization={IEEE}
}

@inproceedings{yamanishi2005dynamic,
  title={Dynamic syslog mining for network failure monitoring},
  author={Yamanishi, Kenji and Maruyama, Yuko},
  booktitle={Proceedings of the eleventh ACM SIGKDD international conference on Knowledge discovery in data mining},
  pages={499--508},
  year={2005},
  organization={ACM}
}

@inproceedings{prewett2003analyzing,
  title={Analyzing cluster log files using logsurfer},
  author={Prewett, James E},
  booktitle={Proceedings of the 4th Annual Conference on Linux Clusters},
  year={2003},
  organization={Citeseer}
}

@inproceedings{garlan2002model,
  title={Model-based adaptation for self-healing systems},
  author={Garlan, David and Schmerl, Bradley},
  booktitle={Proceedings of the first workshop on Self-healing systems},
  pages={27--32},
  year={2002},
  organization={ACM}
}

@inproceedings{wan2016event,
  title={Event regularity and irregularity in a time unit},
  author={Wan, Lijian and Ge, Tingjian},
  booktitle={Data Engineering (ICDE), 2016 IEEE 32nd International Conference on},
  pages={930--941},
  year={2016},
  organization={IEEE}
}

@inproceedings{zhang2016automated,
  title={Automated IT system failure prediction: A deep learning approach},
  author={Zhang, Ke and Xu, Jianwu and Min, Martin Renqiang and Jiang, Guofei and Pelechrinis, Konstantinos and Zhang, Hui},
  booktitle={Big Data (Big Data), 2016 IEEE International Conference on},
  pages={1291--1300},
  year={2016},
  organization={IEEE}
}

@inproceedings{kimura2015proactive,
  title={Proactive failure detection learning generation patterns of large-scale network logs},
  author={Kimura, Tatsuaki and Watanabe, Akio and Toyono, Tsuyoshi and Ishibashi, Keisuke},
  booktitle={Network and Service Management (CNSM), 2015 11th International Conference on},
  pages={8--14},
  year={2015},
  organization={IEEE}
}

@article{deshpande2008total,
  title={The total growth of open source},
  author={Deshpande, Amit and Riehle, Dirk},
  journal={Open Source Development, Communities and Quality},
  pages={197--209},
  year={2008},
  publisher={Springer}
}

@inproceedings{xu2010detecting,
  title={Detecting large-scale system problems by mining console logs},
  author={Xu, Wei and Huang, Ling and Fox, Armando and Patterson, David A and Jordan, Michael I},
  booktitle={Proceedings of the 27th International Conference on Machine Learning (ICML-10)},
  pages={37--46},
  year={2010}
}